<?xml version="1.0" encoding="UTF-8"?><collection xmlns="http://www.loc.gov/MARC21/slim"><record><leader>00353nam--2200121-i-4500</leader><controlfield tag="001">000016353</controlfield><controlfield tag="002">20161230</controlfield><controlfield tag="005">20161230201031</controlfield><controlfield tag="008">060222s1000------------r-----000-0-eng-d</controlfield><datafield ind1=" " ind2=" " tag="100"><subfield code="a">Chan-tsou,F</subfield></datafield><datafield ind1=" " ind2=" " tag="245"><subfield code="a">Orence sheung tsun</subfield></datafield><datafield ind1=" " ind2=" " tag="260"><subfield code="a">Le Modele De Veneziano Generalise Et Les Resonance De Spin Eleve.These</subfield></datafield><datafield ind1=" " ind2=" " tag="490"><subfield code="a">Geneve,Universite,1976. 76p. + 36 Fig</subfield></datafield></record></collection>